@book{cmake,
    author = "http://www.pyside.org/documentation.html",
    title = "Онлайн документация по использованию PySide",
    publisher = "",
    year = "",
    edition = "",
}


@book{qt,
    author = "http://qt-project.org/doc/qt-4.8/",
    title = "Онлайн документация по использованию Qt Framework",
    publisher = "",
    year = "",
    edition = "",
}

@book{mayers,
    author = "Mark Pilligrim",
    title = "Dive into Python3",
    publisher = "",
    year = "2009",
    edition = "3",
}

@book{tdd,
    author = "http://zetcode.com/gui/pysidetutorial/"
    title = "Дополнительные сведенья для разработки с использованием PySide",
    publisher = "",
    year = "",
    edition = "",
}

@book{progit,
    author = "James Bennett",
    title = "A Byte of Python",
    publisher = "APRESS",
    year = "2009",
    edition = "1",
}
